<?xml version="1.0" encoding="UTF-8"?>
<collection xmlns:xsi="http://www.w3.org/2001/XMLSchema-instance" xsi:schemaLocation="http://www.loc.gov/MARC21/slim http://www.loc.gov/standards/marcxml/schema/MARC21slim.xsd" xmlns="http://www.loc.gov/MARC21/slim">
<record>
  <leader>00643cam a2200181 u 4500</leader>
  <controlfield tag="001">643040</controlfield>
  <controlfield tag="003">NNC</controlfield>
  <controlfield tag="005">20100307231752.0</controlfield>
  <controlfield tag="008">880421q18861887ua ||||||||| |||||||ara |</controlfield>
  <datafield tag="035" ind1=" " ind2=" ">
    <subfield code="a">(OCoLC)60601217</subfield>
  </datafield>
  <datafield tag="035" ind1=" " ind2=" ">
    <subfield code="a">(OCoLC)ocm60601217</subfield>
  </datafield>
  <datafield tag="035" ind1=" " ind2=" ">
    <subfield code="a">(CStRLIN)NYCG88-B28746</subfield>
  </datafield>
  <datafield tag="035" ind1=" " ind2=" ">
    <subfield code="9">ACU9857CU</subfield>
  </datafield>
  <datafield tag="035" ind1=" " ind2=" ">
    <subfield code="a">(NNC)643040</subfield>
  </datafield>
  <datafield tag="100" ind1=" " ind2=" ">
    <subfield code="a">Fattani, ʻAbd al-Malik ibn ʻAbd al-Wahhab,</subfield>
    <subfield code="d">1839-1909.</subfield>
  </datafield>
  <datafield tag="245" ind1="1" ind2="3">
    <subfield code="a">al-Hawashi al-jalilah ʻala al-muqaddimah al-badiʻah al-jamilah al-musammah bi-al-matalib al-hisan fi umur al-din wa-shuʻab al-iman.</subfield>
  </datafield>
  <datafield tag="260" ind1=" " ind2=" ">
    <subfield code="a">Bulak, Misr :</subfield>
    <subfield code="b">al-Matbaʻah al-Kubra al-Miriyah,</subfield>
    <subfield code="c">1304h [i.e. 1886 or 7]</subfield>
  </datafield>
  <datafield tag="300" ind1=" " ind2=" ">
    <subfield code="a">108 p.</subfield>
  </datafield>
  <datafield tag="955" ind1=" " ind2=" ">
    <subfield code="b">CU59573910</subfield>
    <subfield code="d">off,glx</subfield>
    <subfield code="e">ME06300</subfield>
  </datafield>
</record>
</collection>